@online{r1,
author = {Google},
title = {Mapping Your Way: Official Google Blog},
month = {Feb},
year = {2012},
url = {https://googleblog.blogspot.ug/2005/02/mapping-your-way.html}
}
@online{r2,
author = {Google},
title = {Google maps APIs: Google Developer},
month = Feb,
year = {2012},
url = {https://developers.google.com/maps/documentation/}
}
@online{r3,
author = {Vanlerberge,Mac},
title = {Google on Android},
month = sept,
year = {2008},
url = {http://googlemobile.blogspot.ug/2008/09/google-on-android.html}
}
@online{r4,
author = {Raphael,JR},
title = {12 Incredibly Useful Things You Didnâ€™t Know Google Maps Could Do},
month = oct,
year = {2017},
url = {https://www.fastcompany.com/40483528/12-incredibly-useful-things-you-didnt-know-google-maps-could-do}
}
@online{r5,
author = {Walter,D},
title = {Google Maps vs. Waze: Which should be your go to map app?},
year = {2018},
url = {https://www.greenbot.com/article/3188669/android/google-maps-vs-waze-which-should-be-your-go-to-map-app.html}
}